% This file was created with Citavi 5.7.0.0

@article{.c,
 author = {Rice, C. K.},
 year = {1987},
 title = {{The effect of void fraction correlation and heat flux assumption on refrigerant charge inventory predictions}}
}


@article{Amin.,
 abstract = {Air curtains are created in open refrigerated vertical display cases for creating an invisible barrier between the cold air inside and the warm air outside the case. A systematic approach is developed to minimize the entrainment and infiltration of warm air into the case by optimizing the performance of an air curtain through adjusting pertinent flow parameters and case geometry. A modular display case was manufactured for the parametric studies. In this modular display case the geometry and flow parameters were changed and the infiltration rate was measured using a new technique, tracer gas method, which could be performed noticeably faster than the conventional methods. This apparatus is referred to as the proof-of-concept air curtain (POCAC). A matrix of all possible permutations was constructed with the infiltration rate being the outcome of this matrix. This matrix was populated by actual experimental measurements as well as using validated Computational Fluid Dynamics (CFD) computer programs as a tool to acquire better resolution of the input and output datasets. All the problem variables are referred to as the input vector of all parameters that can be altered, and the output is the infiltration rate. An artificial neural network (ANN) program was used to provide the linkage between the input vector (problem variables) and the problem outcome (infiltration). This program can also be used by industry as a tool to estimate the infiltration rate for all existing open vertical display cases.},
 author = {Amin, M. and Navaz, H. K. and Dabiri, D. and Faramarzi, R.},
 title = {{Air curtains of open refrigerated display cases revisited: a new technique for infiltration rate measurements}},
 keywords = {air curtain, open vertical refrigerated display case, infiltration, entrainment, tracer gas, neural network, experiment, CFD, Neural Network}
}


@article{Awad.2012,
 author = {Awad, M. M.},
 year = {2012},
 title = {{Two-Phase Flow}}
}


@article{Bell.2012,
 author = {Bell, Ian},
 year = {2012},
 title = {{ACHP Documentation: Release 1.3}}
}


@article{Berglof.2005,
 author = {Bergl{\"o}f, Klas},
 year = {2005},
 title = {{Methods and potential for on-site performance validation of air conditioning, refrigeration, and heat pump systems}}
}


@book{Bergman.2011,
 author = {Bergman, Theodore L. and Lavine, Adrienne S. and Incropera, Frank P. and Dewitt, David P. and Bergman, T. L.},
 year = {2011},
 title = {{Fundamentals of Heat and Mass Transfer}},
 address = {Hoboken NJ},
 edition = {7th ed.},
 publisher = {Wiley},
 isbn = {978-0470-50197-9}
}


@article{Bertagnolio.,
 author = {Bertagnolio, Stephane and Gendebien, Samuel and Vincent, Lemort},
 title = {{Comparative and empirical validation of three water cooling coil models}}
}


@article{Bhargava.2008,
 author = {Bhargava, R. and Khanam, S. and Mohanty, B. and Ray, A. K.},
 year = {2008},
 title = {{Selection of optimal feed flow sequence for a multiple effect evaporator system}},
 pages = {2203--2216},
 volume = {32},
 number = {10},
 issn = {00981354},
 journal = {{Computers {\&} Chemical Engineering}},
 doi = {10.1016/j.compchemeng.2007.10.012}
}


@misc{BitzerKuhlmaschinenGmbH.2014,
 author = {{Bitzer K{\"u}hlmaschinen GmbH}},
 date = {2014},
 title = {{Technische Informationen - Einsatz von Propan (R290) und Propen (R1270) mit halbhermetischen Verdichtern}}
}


@article{Bresseleers.2006,
 author = {Bresseleers, Guida and Goodburn, Kaarin and Latvalahti, Hillevi and Flaco, Helen and Litman, Sonia and Naaktgeboren, Geke and Benson, Sheila},
 year = {2006},
 title = {{RECOMMENDATIONS FOR THE PRODUCTION OF PREPACKAGED CHILLED FOOD}}
}


@misc{Bundesumweltministerium.2006,
 author = {Bundesumweltministerium},
 title = {{Verordnung (EG) Nr. 842/2006 des europ{\"a}ischen Parlaments und des Rates vom 17. Mai 2006 {\"u}ber bestimmte fluorierte Treibhausgase}},
 keywords = {2006;842;EG;EUROP{\"A}ISCHEN;fluorierte;Mai;Nr.;PARLAMENTS;RATES;Treibhausgase;VERORDNUNG}
}


@article{Byrne.2014,
 author = {Byrne, Paul and Ghoubali, Redouane and Miriel, Jacques},
 year = {2014},
 title = {{Scroll compressor modelling for heat pumps using hydrocarbons as refrigerants}},
 pages = {1--13},
 volume = {41},
 issn = {01407007},
 journal = {{International Journal of Refrigeration}},
 doi = {10.1016/j.ijrefrig.2013.06.003}
}


@article{ChemturaCorporation.2017,
 author = {{Chemtura Corporation}},
 year = {2017},
 title = {{HATCOL 4467 Datenblatt}}
}


@article{Corberan.,
 author = {Corber{\'a}n, J. M. and {Fern{\'a}ndez de C{\'o}rdoba}, P. and Ortuno, S. and Ferri, V. and Setaro, T. and Boccardi, G.},
 title = {{Modelling of tube and fin coils working as evaporator or condensor}}
}


@article{Cortella.2002,
 author = {Cortella, Giovanni},
 year = {2002},
 title = {{CFD aided retail cabinets design}},
 pages = {43--66},
 volume = {34},
 number = {1-3},
 issn = {01681699},
 journal = {{Computers and Electronics in Agriculture}},
 doi = {10.1016/S0168-1699(01)00179-X}
}


@article{Cuevas.2009,
 author = {Cuevas, Cristian and Lebrun, Jean and Lemort, Vincent and Ngendakumana, Philippe},
 year = {2009},
 title = {{Development and validation of a condenser three zones model}},
 keywords = {Air-cooled condenser;Critical pressure;Modelling;R134a},
 pages = {3542--3551},
 volume = {29},
 number = {17-18},
 issn = {13594311},
 journal = {{Applied Thermal Engineering}},
 doi = {10.1016/j.applthermaleng.2009.06.007}
}


@article{D.W.Hughes.1980,
 author = {{D. W. Hughes} and {J. T. McMullan} and {K. A. Mawhinney} and {R. Morgan} and {and B. L. Sutcliffe}},
 year = {1980},
 title = {{Lubricant Related Problems with Heat-Pumps}}
}


@article{Dabiri.,
 author = {Dabiri, A. E. and Rice, C. K.},
 title = {{A COMPRESSOR SIMULATION MODEL WITH CORRECTIONS FOR THE LEVEL OF SUCTION GAS SUPERHEAT}}
}


@article{DavidR.Lide.,
 author = {{David R. Lide}},
 title = {{CRC Handbook of Chemistry and Physics, 84th Edition, 2003-2004}},
 keywords = {Handbook;Reference}
}


@misc{DINDeutschesInstitutfurNormunge.V..,
 title = {{Verkaufsk{\"u}hlm{\"o}bel -- Teil 2: Klassifizierung, Anforderungen und Pr{\"u}fbedingungen}},
 volume = {97.130.20},
 number = {DIN EN ISO 23953-2},
 author = {{DIN Deutsches Institut f{\"u}r Normung e. V.}}
}


@misc{DINDeutschesInstitutfurNormunge.V..1995,
 year = {1995},
 title = {{DIN 7003 - K{\"a}lteanlagen und W{\"a}rmepumpen mit brennbaren K{\"a}ltemitteln der Gruppe L3}},
 author = {{DIN Deutsches Institut f{\"u}r Normung e. V.}}
}


@misc{DINDeutschesInstitutfurNormunge.V..1998,
 year = {1998},
 title = {{DIN EN~1861 - K{\"a}lteanlagen und W{\"a}rmepumpen Systemflie{\ss}bilder und Rohrleitungs- und Instrumentenflie{\ss}bilder}},
 author = {{DIN Deutsches Institut f{\"u}r Normung e.V.}}
}


@misc{DINDeutschesInstitutfurNormunge.V..2014,
 year = {2014},
 title = {{DIN EN 1127-2 - Explosionsf{\"a}hige Atmosph{\"a}ren -- Explosionsschutz -- Teil 2: Grundlagen und Methodik in Bergwerken}},
 author = {{DIN Deutsches Institut f{\"u}r Normung e. V.}}
}


@misc{DINDeutschesInstitutfurNormunge.V..2014b,
 year = {2014},
 title = {{DIN EN 378-1 - K{\"a}lteanlagen und W{\"a}rmepumpen -- Sicherheitstechnische und umweltrelevante Anforderungen -- Teil 1: Grundlegende Anforderungen, Begriffe, Klassifikationen und dra Auswahlkriterien}},
 author = {{DIN Deutsches Institut f{\"u}r Normung e.V.}}
}


@misc{DINDeutschesInstitutfurNormunge.V..2017,
 year = {2017},
 title = {{DIN EN 378-3 - K{\"a}lteanlagen und W{\"a}rmepumpen -- Sicherheitstechnische und umweltrelevante Anforderungen -- Teil 3: Aufstellungsort und Schutz von Personen}},
 author = {{DIN Deutsches Institut f{\"u}r Normung e. V.}}
}


@misc{DINDeutschesInstitutfurNormunge.V..2017b,
 year = {2017},
 title = {{DIN EN 378-4 - K{\"a}lteanlagen und W{\"a}rmepumpen -- Sicherheitstechnische und umweltrelevante Anforderungen -- Teil 4: Betrieb, Instandhaltung, Instandsetzung und R{\"u}ckgewinnung}},
 author = {{DIN Deutsches Institut f{\"u}r Normung e. V.}}
}


@misc{DINDeutschesInstitutfurNormunge.V..2017c,
 year = {2017},
 title = {{DIN EN 1127-1 - Explosionsf{\"a}hige Atmosph{\"a}ren -- Explosionsschutz -- Teil 1: Grundlagen und Methodik}},
 author = {{DIN Deutsches Institut f{\"u}r Normung e. V.}}
}


@article{DINDeutschesInstitutfurNormunge.V..2017d,
 author = {{DIN Deutsches Institut f{\"u}r Normung e.V.}},
 year = {2017},
 title = {{DIN 4108-4 - W{\"a}rmeschutz und Energie-Einsparung in Geb{\"a}uden - Teil 4: W{\"a}rme- und feuchteschutztechnische Bemessungswerte}}
}


@misc{DINDeutschesInstitutfurNormunge.V..2018,
 year = {2018},
 title = {{DIN EN 378-2 - K{\"a}lteanlagen und W{\"a}rmepumpen -- Sicherheitstechnische und umweltrelevante Anforderungen -- Teil 2: Konstruktion, Herstellung, Pr{\"u}fung, Kennzeichnung und Dokumentation}},
 author = {{DIN Deutsches Institut f{\"u}r Normung e. V.}}
}


@misc{DINDeutschesInstitutfurNormunge.V..2018b,
 year = {2018},
 title = {{DIN EN 378-1 - K{\"a}lteanlagen und W{\"a}rmepumpen -- Sicherheitstechnische und umweltrelevante Anforderungen -- Teil 1: Grundlegende Anforderungen, Begriffe, Klassifikationen und Auswahlkriterien}},
 author = {{DIN Deutsches Institut f{\"u}r Normung e. V.}}
}


@misc{DINDeutschesInstitutfurNormunge.V..b,
 title = {{Verkaufsk{\"u}hlm{\"o}bel -- Teil 1: Begriffe}},
 volume = {01.040.97},
 number = {DIN EN ISO 23953-1},
 author = {{DIN Deutsches Institut f{\"u}r Normung e. V.}}
}


@misc{DINDeutschesInstitutfurNormunge.V..November1998,
 year = {1998},
 title = {{DIN 8960 - K{\"a}ltemittel}},
 author = {{DIN Deutsches Institut f{\"u}r Normung e. V.}}
}


@article{Domanski.1989,
 author = {Domanski, Piotr A.},
 year = {1989},
 title = {{EVSIM - an evaporator simulation model accounting for refrigerant and one dimensional air distribution}}
}


@article{Downey.2017,
 author = {Downey, Allen B.},
 year = {2017},
 title = {{Modeling and Simulation in Python:}}
}


@article{Duprez.2010,
 author = {Duprez, Marie-Eve and Dumont, Eric and Fr{\`e}re, Marc},
 year = {2010},
 title = {{Modeling of scroll compressors -- Improvements}},
 keywords = {Am{\'e}lioration;Compresseur {\`a} spirale;Consommation d'{\'e}nergie;D{\'e}bit;Energy consumption;Flow;Heat pump;Heat transfer;Improvement;Mod{\'e}lisation;Modelling;Pompe {\`a} chaleur;Review;Screw compressor;Synth{\`e}se;Transfert de chaleur},
 pages = {721--728},
 volume = {33},
 number = {4},
 issn = {01407007},
 journal = {{International Journal of Refrigeration}},
 doi = {10.1016/j.ijrefrig.2009.12.025}
}


@misc{EmersonClimateTechnologies.,
 author = {{Emerson Climate Technologies}},
 date = {2018},
 title = {{ZB09KAU-TFD Datenblatt}},
 keywords = {llPDFLib}
}


@article{EmersonClimateTechnologies.2016,
 author = {{Emerson Climate Technologies}},
 year = {2016},
 title = {{EXD-HP1/2 {\"U}berhitzungs-/Economiser-Regler}}
}


@misc{EmersonClimateTechnologies.2017,
 author = {{Emerson Climate Technologies}},
 date = {2017},
 title = {{K{\"u}hlm{\"o}belsteuerung ECB-D20}}
}


@misc{EmersonClimateTechnologies.2018,
 author = {{Emerson Climate Technologies}},
 date = {2018},
 title = {{ZB09KAU-TFD Hybrid Datenblatt}},
 keywords = {llPDFLib}
}


@misc{EmersonClimateTechnologies.b,
 author = {{Emerson Climate Technologies}},
 date = {2017},
 title = {{Vergleich von 3MAF und HATCOL 4467}}
}


@misc{EUParlamentRat.2006,
 author = {EU-Parlament/Rat},
 title = {{Richtlinie 2006/40/EG - Emissionen aus Klimaanlagen in Kraftfahrzeugen und zur {\"A}nderung der Richtlinie 70/156/EWG des Rates}}
}


@article{FoodStandardsAgency.2016,
 author = {{Food Standards Agency}},
 year = {2016},
 title = {{Guidance on Temperature Control Legislation in the United Kingdom: Regulation (EC) 852/2004}}
}


@article{Ghoubali.2017,
 author = {Ghoubali, Redouane and Byrne, Paul and Bazantay, Fr{\'e}d{\'e}ric},
 year = {2017},
 title = {{Refrigerant charge optimisation for propane heat pump water heaters}},
 pages = {230--244},
 volume = {76},
 issn = {01407007},
 journal = {{International Journal of Refrigeration}},
 doi = {10.1016/j.ijrefrig.2017.02.017}
}


@article{Golder.,
 author = {Golder, A. K.},
 title = {{Process Design of Heat Exchanger: Types of Heat exchanger, process design of shell and tube heat exchanger, condenser, and reboilers}}
}


@article{Granryd.2010,
 author = {Granryd, E.},
 year = {2010},
 title = {{Analytical expressions for optimum flow rates in evaporators and condensers of heat pumping systems}},
 pages = {1211--1220},
 volume = {33},
 number = {7},
 issn = {01407007},
 journal = {{International Journal of Refrigeration}},
 doi = {10.1016/j.ijrefrig.2010.05.009}
}


@article{Heidinger.2015,
 author = {Heidinger, Gustavo and Nascimento, S. M. and Gaspar, Pedro Dinis and Silva, Pedro. D.},
 year = {2015},
 title = {{Experimental study of the influence of consumers movement parallel to the frontal opening of multideck display case on the evaporator´s thermal performance}}
}


@article{Huber.2011,
 author = {Huber, Karl and Rehburg, J{\"o}rg},
 year = {2011},
 title = {{Mit Propan wirtschaftlich und umweltfreundlich k{\"u}hlen}},
 number = {12}
}


@article{Huber.2016,
 author = {Huber, Karl},
 year = {2016},
 title = {{R290-K{\"a}lteanlage mit optimierter F{\"u}llmenge}}
}


@article{J.MichaelDoster.,
 author = {{J. Michael Doster}},
 title = {{Two Phase Friction}}
}


@article{Jiang.2006,
 author = {Jiang, Haobo and Aute, Vikrant and Radermacher, Reinhard},
 year = {2006},
 title = {{CoilDesigner: A general-purpose simulation and design tool for air-to-refrigerant heat exchangers}},
 pages = {601--610},
 volume = {29},
 number = {4},
 issn = {01407007},
 journal = {{International Journal of Refrigeration}},
 doi = {10.1016/j.ijrefrig.2005.09.019}
}


@article{Jurgensen.2003,
 author = {J{\"u}rgensen, Heinz and Tiedermann, Thomas},
 year = {2003},
 title = {{Propan in hermetischen K{\"a}lteger{\"a}ten und W{\"a}rmepumpen: Einfluss und Entwicklungsstand der~Normung}},
 number = {3},
 journal = {{KI Luft- und K{\"a}ltetechnik}}
}


@article{Kesper.1976,
 author = {Kesper, Bernt and Chawla, Jogindar Mohan},
 year = {1976},
 title = {{Reibungsdruckabfall bei adiabater Zweiphasen-Fl{\"u}ssigkeits-Dampf-Str{\"o}mung hoher Geschwindigkeit}},
 pages = {177--183},
 volume = {42},
 number = {6},
 issn = {0015-7899},
 journal = {{Forschung im Ingenieurwesen}},
 doi = {10.1007/BF02560845}
}


@article{Kiijarvi.2011,
 author = {Kiij{\"a}rvi, Jukka},
 year = {2011},
 title = {{Darcy Friction Factor Formulae in Turbulent Pipe Flow}}
}


@article{Kim.,
 author = {Kim, You-Jae and Han, J.-G. and Kim, Youn J.},
 title = {{Flow Characteristics of An Atmospheric Pressure Plasma Torch}}
}


@misc{Klein.2000,
 author = {Klein, S. A.},
 year = {2000},
 title = {{EES Manual}},
 url = {https://engineering.purdue.edu/ME300/documents/EES-manual.pdf}
}


@article{Korner.,
 author = {K{\"o}rner, Dennis},
 title = {{Dynamische Modellierung von Kompressionsw{\"a}rmepumpen und Bewertung unterschiedlicher K{\"a}ltemittel unter Ber{\"u}cksichtigung aktueller Vorschriften und Richtlinien in Deutschland}},
 keywords = {several helpful keywords}
}


@article{Kulterer.2007,
 author = {Kulterer, Mag. Konstantin},
 year = {2007},
 title = {{Energieeffizienz in K{\"a}ltesystemen}}
}


@article{Labbadlia.2017,
 author = {Labbadlia, O. and Laribi, B. and Chetti, B. and Hendrick, P.},
 year = {2017},
 title = {{Numerical study of the influence of tube arrangement on the flow distribution in the header of shell and tube heat exchangers}},
 keywords = {CFD;Flow maldistribution;Shell and tube heat exchanger},
 pages = {315--321},
 volume = {126},
 issn = {13594311},
 journal = {{Applied Thermal Engineering}},
 doi = {10.1016/j.applthermaleng.2017.07.184}
}


@article{Lampinen.,
 author = {Lampinen, Markku J.},
 title = {{Thermodynamics of humid air}}
}


@article{Lasance.2003,
 author = {Lasance, Clemens J. M.},
 year = {2003},
 title = {{The Thermal Conductivity of Moist Air}},
 url = {https://www.electronics-cooling.com/2003/11/the-thermal-conductivity-of-moist-air/#},
 volume = {9},
 number = {4}
}


@article{LehrstuhlfurWarmeundStoffubertragung.,
 author = {{Lehrstuhl f{\"u}r W{\"a}rme- und Stoff{\"u}bertragung}},
 title = {{W{\"a}rme- und Stoff{\"u}bertragung I/II}},
 keywords = {Stoff{\"u}bertragung;Vorlesungsskript;W{\"a}rme{\"u}bertragung}
}


@article{LehrstuhlfurWarmeundStoffubertragung.b,
 author = {{Lehrstuhl f{\"u}r W{\"a}rme- und Stoff{\"u}bertragung}},
 title = {{W{\"a}rme{\"u}bertrager und Dampferzeuger}},
 keywords = {Feuchte Luft;Verdampfer;W{\"a}rme{\"u}bertrager}
}


@misc{LubrizolCorporation.2015,
 author = {{Lubrizol Corporation}},
 date = {2015},
 title = {{Emkarate RL32-3MAF Datenblatt}}
}


@article{Marinhas.2012,
 author = {Marinhas, Sandrine},
 year = {2012},
 title = {{Performance Certification of Refrigerated Display Cabinets (RDC)}}
}


@article{McDonald.2012,
 author = {McDonald, Andr{\'e} G. and Magande, Hugh L.},
 year = {2012},
 title = {{Fundamentals of Heat Exchanger Design // Introduction to Thermo-Fluids Systems Design}},
 doi = {10.1002/9781118403198}
}


@article{Melling.1996,
 author = {Melling, Adrian and Noppenberger, Stefan and Still, Martin and Venzke, Holger},
 year = {1996},
 title = {{Interpolation Correlations for fluid properties of humid air in the temperature range 100°C to 200°C}}
}


@book{Mitrovic.2012,
 year = {2012},
 title = {{Heat Exchangers - Basics Design Applications}},
 publisher = {InTech},
 isbn = {978-953-51-0278-6},
 editor = {Mitrovic, Jovan},
 doi = {10.5772/1997}
}


@misc{Moons.2013,
 author = {Moons, Hans},
 date = {2013},
 title = {{Ecodesign for Commercial Refrigeration}}
}


@article{Moussalli.1976,
 author = {Moussalli, George and Chawla, Jogindar Mohan},
 year = {1976},
 title = {{Dampfvolumenanteil und Druckabfall in der Blasenstr{\"o}mung}},
 pages = {149--153},
 volume = {42},
 number = {5},
 issn = {0015-7899},
 journal = {{Forschung im Ingenieurwesen}},
 doi = {10.1007/BF02574158}
}


@misc{Muller.2016,
 author = {M{\"u}ller, Dr.-Ing. Dirk},
 year = {2016},
 title = {{Regenerative Energien f{\"u}r Geb{\"a}ude II: Kaltwasserversorgung (1)}}
}


@article{Navarro.2005,
 author = {Navarro, E. and Urchuegu{\'i}a, J. F. and Gonz{\'a}lvez, J. and Corber{\'a}n, J. M.},
 year = {2005},
 title = {{Test results of performance and oil circulation rate of commercial reciprocating compressors of different capacities working with propane (R290) as refrigerant}},
 pages = {881--888},
 volume = {28},
 number = {6},
 doi = {10.1016/j.ijrefrig.2005.01.010}
}


@article{Navarro.2007,
 author = {Navarro, H. A. and Cabezas-G{\'o}mez, L. C.},
 year = {2007},
 title = {{Effectiveness-ntu computation with a mathematical model for cross-flow heat exchangers}},
 pages = {509--521},
 volume = {24},
 number = {4},
 issn = {0104-6632},
 journal = {{Brazilian Journal of Chemical Engineering}},
 doi = {10.1590/S0104-66322007000400005}
}


@book{Nellis.2009,
 author = {Nellis, Gregory and Klein, Sanford A.},
 year = {2009},
 title = {{Heat transfer}},
 keywords = {Heat;Transmission},
 address = {Cambridge and New York},
 publisher = {{Cambridge University Press}},
 isbn = {0521881072}
}


@article{Palm.2007,
 author = {Palm, Bj{\"o}rn},
 year = {2007},
 title = {{Refrigeration systems with minimum charge of refrigerant}},
 pages = {1693--1701},
 volume = {27},
 number = {10},
 issn = {13594311},
 journal = {{Applied Thermal Engineering}},
 doi = {10.1016/j.applthermaleng.2006.07.017}
}


@article{Ploskas.2017,
 abstract = {Optimization of the refrigerant circuitry can improve a heat exchanger's performance. Design engineers currently choose the refrigerant circuitry according to their experience and heat exchanger simulations. However, the design of an optimized refrigerant circuitry is difficult. The number of refrigerant circuitry candidates is enormous. Therefore, exhaustive search algorithms cannot be used and intelligent techniques must be developed to explore the solution space efficiently. In this paper, we formulate refrigerant circuitry design as a binary constrained optimization problem. We use CoilDesigner, a simulation and design tool of air to refrigerant heat exchangers, in order to simulate the performance of different refrigerant circuitry designs. We treat CoilDesigner as a black-box system since the exact relationship of the objective function with the decision variables is not explicit. Derivative-free optimization (DFO) algorithms are suitable for solving this black-box model since they do not require explicit functional representations of the objective function and the constraints. The aim of this paper is twofold. First, we compare four mixed-integer constrained DFO solvers and one box-bounded DFO solver and evaluate their ability to solve a difficult industrially relevant problem. Second, we demonstrate that the proposed formulation is suitable for optimizing the circuitry configuration of heat exchangers. We apply the DFO solvers to 17 heat exchanger design problems. Results show that TOMLAB/glcDirect and TOMLAB/glcSolve can find optimal or near-optimal refrigerant circuitry designs after a relatively small number of circuit simulations.},
 author = {Ploskas, Nikolaos and Laughman, Christopher and Raghunathan, Arvind U. and Sahinidis, Nikolaos V.},
 year = {2017},
 title = {{Optimization of circuitry arrangements for heat exchangers using  derivative-free optimization}},
 url = {http://arxiv.org/pdf/1705.10437v1},
 keywords = {Computer Science - Computational Engineering Finance and Science},
 issn = {02638762},
 journal = {{Chemical Engineering Research and Design}},
 doi = {10.1016/j.cherd.2017.05.015}
}


@article{Ragazzi.1995,
 author = {Ragazzi, F. and Pedersen, C. O.},
 year = {1995},
 title = {{Thermodynamic Optimization of Evaporators with Zeotropic Refrigerant Mixtures}}
}


@book{Recknagel.2005,
 author = {Recknagel, Hermann and Recknagel, Sprenger and Recknagel, Sprenger Schramek .. and Schramek, Ernst-Rudolf},
 year = {2005},
 title = {{Taschenbuch f{\"u}r Heizung und Klimatechnik: Einschlie{\ss}lich Warmwasser- und K{\"a}ltetechnik ; [2005/06]}},
 address = {M{\"u}nchen [u.a.]},
 edition = {72. Aufl.},
 publisher = {Oldenbourg},
 isbn = {9783486265606}
}


@article{S.Y.Liang.,
 author = {{S. Y. Liang} and {T. N. Wong} and {and G. K. Nathan}},
 title = {{Study of Refrigerant Circuitry of Evaporator Coils with a Distributed Simulation Model}}
}


@article{Shah.2003,
 author = {Shah, Ramesh K. and Sekuli, Duan P.},
 year = {2003},
 title = {{Fundamentals of Heat Exchanger Design: Appendix C}},
 doi = {10.1002/9780470172605}
}


@book{SpringerVerlagGmbH.2013,
 author = {{Springer-Verlag GmbH}},
 year = {2013},
 title = {{VDI-W{\"a}rmeatlas}},
 isbn = {978-3-642-19980-6}
}


@article{Stalter.,
 author = {Stalter, Michael and Grasse, Markus},
 title = {{Weiterf{\"u}hrende Untersuchungen der K{\"a}ltemittelf{\"u}llmengen in W{\"a}rme{\"u}bertragern und M{\"o}glichkeiten der F{\"u}llmengenreduzierung}}
}


@article{Stalter.b,
 author = {Stalter, Michael and Schweitzer, Matthias},
 title = {{Experimentelle Bestimmung des K{\"a}ltemittelf{\"u}llungsgrades in luftbeaufschlagten Verfl{\"u}ssigern und Verdampfern}}
}


@article{Stribling.1997,
 abstract = {The refrigeration energy load in a modern day supermarket makes up a large

proportion of the total energy bilL Better design of refrigerated display cases would

reduce this load and also have a corresponding effect on the running costs of the

refrigeration plant. Further enhancements such as the reduction of air overspill from the case would also influence the aisle temperatures and therefore the comfort levels in the store.

This research project uses the technique of computational fluid dynamics (CFD) to investigate the contemporary design of a vertical multideck refrigerated display case. From a two dimensional computational model conclusions were drawn as to the principles of operation of the case.

During the course of the project, a custom designed experimental facility was constructed, capable of testing the display case according to the relevant test standards. Using this facility, experimental validation was carried on a number of the design modifications to assess the actual refrigeration load against that predicted by the CFD modeL The success of this validation allowed further work into the feasibility of certain design changes by making modifications to the CFD modeL

The work presented in this thesis makes a conthbution to the global effort towards the reduction of the energy consumption by retail refrigeration systems. It does this by showing that possibilities do exist for an improvement in the energy efficiency of multideck refrigerated display cases and that CFD provides a useful tool towards this goaL It also demonstrates the design modifications which proved to yield a saving in energy. These were a reduction in the mass flow rate of air around the case, the inclusion of a honeycomb section on the air curtain outlet of the case the addition of a front upstand and the introduction of a second air curtain thus applying a velocity gradient across the curtain.},
 author = {Stribling, David},
 year = {1997},
 title = {{INVESTIGATION INTO THE DESIGN AND OPTIMISATION OF MULTIDECK REFRIGERATED DISPLAY CASES: A Thesis Submitted for the Degree of Doctor of Philosophy}}
}


@misc{Suamir.July2011,
 author = {Suamir, I. Nyoman and Tassou, Savvas},
 date = {July/2011},
 title = {{TEMPERATURE AND ENERGY PERFORMANCE OF A VERTICAL MULTI-DECK DISPLAY CABINET: Model: Berlino 3 LF M 110 H205 Redesigned for R-1270 with integral condensing units}},
 institution = {{Brunel University}}
}


@article{Sutherland.1893,
 author = {Sutherland, William},
 year = {1893},
 title = {{LII. The viscosity of gases and molecular force}},
 pages = {507--531},
 volume = {36},
 number = {223},
 issn = {1941-5982},
 journal = {{Philosophical Magazine Series 5}},
 doi = {10.1080/14786449308620508}
}


@misc{SWEP.2017,
 year = {2017},
 title = {{Datenblatt - Kondensator R290, 2,7 KW - B8LAS mit 20 Platten}}
}


@misc{SylvainLamy.,
 author = {{Sylvain Lamy} and {Alessandro Pianetti}},
 date = {2016},
 title = {{Customer Visit Report: Subject: Understand integrated display cases requirements and discuss horizontal scroll specification {\&} update on new products}},
 institution = {{Emerson Climate Technologies}}
}


@misc{Tassou.,
 author = {Tassou, Savvas},
 title = {{Designing chilled food display cabinets}}
}


@misc{Tassou.b,
 author = {Tassou, Savvas},
 title = {{Refrigerated display cabinets: Progress made and research and development issues}},
 address = {London},
 publisher = {{BSI British Standards}},
 institution = {{Brunel University}},
 doi = {10.3403/30088961U}
}


@article{Teodorese.2006,
 author = {Teodorese, Vladut and Lebrun, Jean},
 year = {2006},
 title = {{Modeling of a room air conditioner}}
}


@book{Thome.2016,
 author = {Thome, John R.},
 year = {2016},
 title = {{The Heat Transfer Data Book III: Enhanced heat transfer design methods for tubular heat exchangers}},
 address = {Essen},
 edition = {Auflage 2016},
 publisher = {{Publico Publications}},
 isbn = {978-3-934736-37-5}
}


@misc{Universitatpolitecnicadevalencia.2017,
 author = {{Universitat polit{\`e}cnica de val{\`e}ncia}},
 date = {2017},
 title = {{Assessing and optimizing the performance of R-290 integral display case}}
}


@article{Wang.2012,
 author = {Wang, Chi-Chuan and Hafner, Armin and Kuo, Cheng-Shu and Hsieh, Wen-Der},
 year = {2012},
 title = {{An overview of the effect of lubricant on the heat transfer performance on conventional refrigerants and natural refrigerant R-744}},
 pages = {5071--5086},
 volume = {16},
 number = {7},
 issn = {13640321},
 journal = {{Renewable and Sustainable Energy Reviews}},
 doi = {10.1016/j.rser.2012.04.054}
}


@phdthesis{Wilke.2005,
 author = {Wilke, Ingo},
 title = {{Verdichterstabilisierung mit passiven Geh{\"a}usestrukturen}}
}


@article{Wilson.,
 author = {Wilson, M.},
 title = {{Accelerated Capital Allowances Eligibility Criteria}}
}


@article{Winter.2012,
 author = {Winter, Janos and Handschuh, Roland and Frei, Gerhard and Roth, Peter},
 year = {2012},
 title = {{Die MSS-Theorie: Wie Verdampfer und Expansionsventil zusammenwirken}},
 number = {11}
}


@misc{WSAInstitutfurWarmeundStoffubertragung.,
 author = {{WSA Institut f{\"u}r W{\"a}rme- und Stoff{\"u}bertragung}},
 title = {{Formelsammlung W{\"a}rme- und Stoff{\"u}bertragung}},
 volume = {2014}
}


@article{Zdenek.,
 author = {Zdenek, Slouka},
 title = {{Heat transfer in a fin heat exchanger}}
}


@misc{Zottl.2016,
 author = {Zottl, Andreas},
 date = {2016},
 title = {{GreenHP - Project final report}}
}


